@InProceedings{gomocup-protocol,
  author    = {Petr Lastovicka},
  title     = {Gomocup Protocol. \url{http://web.quick.cz/lastp/protocl2en.htm}},
  url       = {http://web.quick.cz/lastp/protocl2en.htm} 
}

@InProceedings{yixin,
  author    = {Kai Sun},
  title     = {Yixin Homepage. \url{http://www.aiexp.info}},
  url       = {http://www.aiexp.info}
}

@InProceedings{old-gomocup-protocol,
  author    = {Petr Lastovicka},
  title     = {Old Gomocup Protocol. \url{http://web.quick.cz/lastp/protocl1en.htm}},
  url       = {http://web.quick.cz/lastp/protocl1en.htm}
}

@InProceedings{yixin-board,
  author    = {Kai Sun},
  title     = {Yixin Board. \url{https://github.com/accreator/Yixin-Board}},
  url       = {https://github.com/accreator/Yixin-Board}
}
